<?xml version="1.0" encoding="UTF-8"?><collection xmlns="http://www.loc.gov/MARC21/slim"><record><leader>00332nam--2200133-i-4500</leader><controlfield tag="001">000006903</controlfield><controlfield tag="002">20161230</controlfield><controlfield tag="005">20161230201027</controlfield><controlfield tag="008">060222s1000------------r-----000-0-eng-d</controlfield><datafield ind1=" " ind2=" " tag="100"><subfield code="a">Benzi, Valerio</subfield></datafield><datafield ind1=" " ind2=" " tag="245"><subfield code="a">Le reazioni nucleari</subfield></datafield><datafield ind1=" " ind2=" " tag="260"><subfield code="a">Rocca San Casciano, Cappelli, 1961. 93 P</subfield></datafield><datafield ind1=" " ind2=" " tag="490"><subfield code="a">Universale Cappelli</subfield></datafield><datafield ind1=" " ind2=" " tag="852"><subfield code="a">19937</subfield></datafield></record></collection>